@inproceedings{abdal20233davatargan,
	author    = {Abdal, Rameen and Lee, Hsin-Ying and Zhu, Peihao and Chai, Menglei and Siarohin, Aliaksandr and Wonka, Peter and Tulyakov, Sergey},
	booktitle = {Proceedings of the IEEE/CVF Conference on Computer Vision and Pattern Recognition},
	pages     = {4552--4562},
	title     = {3davatargan: Bridging domains for personalized editable avatars},
	year      = {2023}
}

@inproceedings{aneja2023clipface,
	author    = {Aneja, Shivangi and Thies, Justus and Dai, Angela and Nie{\ss}ner, Matthias},
	booktitle = {ACM SIGGRAPH 2023 Conference Proceedings},
	pages     = {1--11},
	title     = {Clipface: Text-guided editing of textured 3d morphable models},
	year      = {2023}
}

@software{antd,
	author    = {{Ant Group}},
	note      = {A React UI library for enterprise applications},
	publisher = {Ant Group},
	title     = {Ant Design: A design system for enterprise-level products},
	url       = {https://ant.design/},
	version   = {5.24.9},
	year      = {2015}
}

@inproceedings{bao2024geneavatar,
	author    = {Bao, Chong and Zhang, Yinda and Li, Yuan and Zhang, Xiyu and Yang, Bangbang and Bao, Hujun and Pollefeys, Marc and Zhang, Guofeng and Cui, Zhaopeng},
	booktitle = {Proceedings of the IEEE/CVF Conference on Computer Vision and Pattern Recognition},
	pages     = {8952--8963},
	title     = {Geneavatar: Generic expression-aware volumetric head avatar editing from a single image},
	year      = {2024}
}

@book{bugl2019learn,
	author    = {Bugl, Daniel},
	publisher = {Packt Publishing Ltd},
	title     = {Learn React Hooks: Build and refactor modern React. js applications using Hooks},
	year      = {2019}
}
@article{chen1976entity,
	author    = {Chen, Peter Pin-Shan},
	journal   = {ACM transactions on database systems (TODS)},
	number    = {1},
	pages     = {9--36},
	publisher = {Acm New York, NY, USA},
	title     = {The entity-relationship model—toward a unified view of data},
	volume    = {1},
	year      = {1976}
}
@inproceedings{conn-pool-overhead,
	author    = {Yanlei Diao and Michael J. Franklin and Hao Zhang and Philippe Fischer},
	booktitle = {ACM Transactions on Database Systems (TODS)},
	doi       = {10.1145/958942.958945},
	note      = {Analyzes connection pooling impact on database performance},
	number    = {4},
	pages     = {467--516},
	title     = {Path Sharing and Predicate Evaluation for High-Performance XML Filtering},
	volume    = {28},
	year      = {2003}
}
@inproceedings{danvevcek2022emoca,
	author    = {Dan{\v{e}}{\v{c}}ek, Radek and Black, Michael J and Bolkart, Timo},
	booktitle = {Proceedings of the IEEE/CVF Conference on Computer Vision and Pattern Recognition},
	pages     = {20311--20322},
	title     = {Emoca: Emotion driven monocular face capture and animation},
	year      = {2022}
}
@techreport{egevang1994ip,
	author = {Egevang, Kjeld and Francis, Paul},
	title  = {The IP network address translator (NAT)},
	year   = {1994}
}
@software{flask,
	author    = {{Pallets Team}},
	note      = {Python micro web framework},
	publisher = {Pallets},
	title     = {Flask: A lightweight WSGI web application framework},
	url       = {https://flask.palletsprojects.com/},
	version   = {3.1.0},
	year      = {2010}
}
@inproceedings{gao2024portrait,
	author    = {Gao, Xuan and Xiao, Haiyao and Zhong, Chenglai and Hu, Shimin and Guo, Yudong and Zhang, Juyong},
	booktitle = {SIGGRAPH Asia 2024 Conference Papers},
	pages     = {1--11},
	title     = {Portrait video editing empowered by multimodal generative priors},
	year      = {2024}
}
@article{han2023headsculpt,
	author  = {Han, Xiao and Cao, Yukang and Han, Kai and Zhu, Xiatian and Deng, Jiankang and Song, Yi-Zhe and Xiang, Tao and Wong, Kwan-Yee K},
	journal = {Advances in Neural Information Processing Systems},
	pages   = {4915--4936},
	title   = {Headsculpt: Crafting 3d head avatars with text},
	volume  = {36},
	year    = {2023}
}
@inproceedings{karras2020analyzing,
	author    = {Karras, Tero and Laine, Samuli and Aittala, Miika and Hellsten, Janne and Lehtinen, Jaakko and Aila, Timo},
	booktitle = {Proceedings of the IEEE/CVF conference on computer vision and pattern recognition},
	pages     = {8110--8119},
	title     = {Analyzing and improving the image quality of stylegan},
	year      = {2020}
}
@article{kerbl20233d,
	author  = {Kerbl, Bernhard and Kopanas, Georgios and Leimk{\"u}hler, Thomas and Drettakis, George},
	journal = {ACM Trans. Graph.},
	number  = {4},
	pages   = {139--1},
	title   = {3d gaussian splatting for real-time radiance field rendering.},
	volume  = {42},
	year    = {2023}
}
@article{kruchten20024+,
	author    = {Kruchten, Philippe B},
	journal   = {IEEE software},
	number    = {6},
	pages     = {42--50},
	publisher = {IEEE},
	title     = {The 4+ 1 view model of architecture},
	volume    = {12},
	year      = {2002}
}
@article{lazuardy2022modern,
	author  = {Lazuardy, Mochammad Fariz Syah and Anggraini, Dyah},
	journal = {Research Journal of Advanced Engineering and Science},
	number  = {1},
	pages   = {132--141},
	title   = {Modern front end web architectures with react. js and next. js},
	volume  = {7},
	year    = {2022}
}
@inproceedings{liu20223d,
	author       = {Liu, Yuchen and Shu, Zhixin and Li, Yijun and Lin, Zhe and Zhang, Richard},
	booktitle    = {European conference on computer vision},
	organization = {Springer},
	pages        = {107--125},
	title        = {3d-fm gan: Towards 3d-controllable face manipulation},
	year         = {2022}
}
@article{mendiratta2023avatarstudio,
	author    = {Mendiratta, Mohit and Pan, Xingang and Elgharib, Mohamed and Teotia, Kartik and Tewari, Ayush and Golyanik, Vladislav and Kortylewski, Adam and Theobalt, Christian},
	journal   = {ACM Transactions on Graphics (ToG)},
	number    = {6},
	pages     = {1--18},
	publisher = {ACM New York, NY, USA},
	title     = {Avatarstudio: Text-driven editing of 3d dynamic human head avatars},
	volume    = {42},
	year      = {2023}
}
@article{mildenhall2021nerf,
	author    = {Mildenhall, Ben and Srinivasan, Pratul P and Tancik, Matthew and Barron, Jonathan T and Ramamoorthi, Ravi and Ng, Ren},
	journal   = {Communications of the ACM},
	number    = {1},
	pages     = {99--106},
	publisher = {ACM New York, NY, USA},
	title     = {Nerf: Representing scenes as neural radiance fields for view synthesis},
	volume    = {65},
	year      = {2021}
}

@techreport{NRTA2025,
	address     = {北京},
	author      = {{国家广播电视总局}},
	institution = {国家广播电视总局},
	language    = {zh},
	note        = {国家广播电视总局年度行业发展报告},
	title       = {中国网络视听发展研究报告（2025）},
	year        = {2025}
}
@inproceedings{oechslin2003,
	author    = {Philippe Oechslin},
	booktitle = {Advances in Cryptology - CRYPTO 2003},
	doi       = {10.1007/978-3-540-45146-4_36},
	note      = {Proposed rainbow tables as an improvement over Hellman's TMTO},
	pages     = {617--630},
	publisher = {Springer},
	series    = {Lecture Notes in Computer Science},
	title     = {{Making a Faster Cryptanalytic Time-Memory Trade-Off}},
	volume    = {2729},
	year      = {2003}
}
@inproceedings{papantoniou2024arc2face,
	author       = {Papantoniou, Foivos Paraperas and Lattas, Alexandros and Moschoglou, Stylianos and Deng, Jiankang and Kainz, Bernhard and Zafeiriou, Stefanos},
	booktitle    = {European Conference on Computer Vision},
	organization = {Springer},
	pages        = {241--261},
	title        = {Arc2face: A foundation model for id-consistent human faces},
	year         = {2024}
}
@inproceedings{pavlakos2019expressive,
	author    = {Pavlakos, Georgios and Choutas, Vasileios and Ghorbani, Nima and Bolkart, Timo and Osman, Ahmed AA and Tzionas, Dimitrios and Black, Michael J},
	booktitle = {Proceedings of the IEEE/CVF conference on computer vision and pattern recognition},
	pages     = {10975--10985},
	title     = {Expressive body capture: 3d hands, face, and body from a single image},
	year      = {2019}
}
@article{peng2004cdn,
	author  = {Peng, Gang},
	journal = {arXiv preprint cs/0411069},
	title   = {CDN: Content distribution network},
	year    = {2004}
}
@article{qi2025chatanyone,
	author  = {Qi, Jinwei and Ji, Chaonan and Xu, Sheng and Zhang, Peng and Zhang, Bang and Bo, Liefeng},
	journal = {arXiv preprint arXiv:2503.21144},
	title   = {ChatAnyone: Stylized Real-time Portrait Video Generation with Hierarchical Motion Diffusion Model},
	year    = {2025}
}
@techreport{reacthooks2019,
	author      = {{React Team}},
	institution = {Facebook Inc.},
	note        = {React v16.8.0, released on February 6, 2019},
	title       = {Introducing Hooks in React 16.8},
	url         = {https://reactjs.org/docs/hooks-intro.html},
	year        = {2019}
}
@software{redis,
	author    = {{Redis Developers}},
	note      = {Used as a database, cache, and message broker},
	publisher = {Redis Ltd.},
	title     = {Redis: An in-memory data structure store},
	url       = {https://redis.io/},
	version   = {7.2.0},
	year      = {2009}
}
@techreport{rfc8018,
	author      = {K. Moriarty and B. Kaliski and J. Jonsson and A. Rusch},
	institution = {Internet Engineering Task Force (IETF)},
	month       = {1},
	note        = {Defines PBKDF2 as a key derivation function},
	number      = {8018},
	title       = {{PKCS \#5: Password-Based Cryptography Specification Version 2.1}},
	type        = {RFC},
	url         = {https://tools.ietf.org/html/rfc8018},
	year        = {2017}
}
@inproceedings{rombach2022high,
	author    = {Rombach, Robin and Blattmann, Andreas and Lorenz, Dominik and Esser, Patrick and Ommer, Bj{\"o}rn},
	booktitle = {Proceedings of the IEEE/CVF conference on computer vision and pattern recognition},
	pages     = {10684--10695},
	title     = {High-resolution image synthesis with latent diffusion models},
	year      = {2022}
}
@inproceedings{shao2024control4d,
	author    = {Shao, Ruizhi and Sun, Jingxiang and Peng, Cheng and Zheng, Zerong and Zhou, Boyao and Zhang, Hongwen and Liu, Yebin},
	booktitle = {Proceedings of the IEEE/CVF Conference on Computer Vision and Pattern Recognition},
	pages     = {4556--4567},
	title     = {Control4d: Efficient 4d portrait editing with text},
	year      = {2024}
}
@misc{statsbureau2024,
	author      = {{国家统计局}},
	institution = {国家统计局},
	language    = {chinese},
	month       = {2},
	note        = {Accessed: 2025-02-28},
	title       = {中华人民共和国2024年国民经济和社会发展统计公报},
	url         = {https://www.stats.gov.cn/sj/zxfb/202502/t20250228_1958817.html},
	year        = {2025}
}
@inproceedings{sun2023next3d,
	author    = {Sun, Jingxiang and Wang, Xuan and Wang, Lizhen and Li, Xiaoyu and Zhang, Yong and Zhang, Hongwen and Liu, Yebin},
	booktitle = {Proceedings of the IEEE/CVF conference on computer vision and pattern recognition},
	pages     = {20991--21002},
	title     = {Next3d: Generative neural texture rasterization for 3d-aware head avatars},
	year      = {2023}
}

@article{xing2024live2diff,
	author  = {Xing, Zhening and Fox, Gereon and Zeng, Yanhong and Pan, Xingang and Elgharib, Mohamed and Theobalt, Christian and Chen, Kai},
	journal = {arXiv preprint arXiv:2407.08701},
	title   = {Live2diff: Live stream translation via uni-directional attention in video diffusion models},
	year    = {2024}
}

@inproceedings{yang2022pastiche,
	author    = {Yang, Shuai and Jiang, Liming and Liu, Ziwei and Loy, Chen Change},
	booktitle = {Proceedings of the IEEE/CVF Conference on Computer Vision and Pattern Recognition},
	pages     = {7693--7702},
	title     = {Pastiche master: Exemplar-based high-resolution portrait style transfer},
	year      = {2022}
}

@article{zhang2023dreamface,
	author  = {Zhang, Longwen and Qiu, Qiwei and Lin, Hongyang and Zhang, Qixuan and Shi, Cheng and Yang, Wei and Shi, Ye and Yang, Sibei and Xu, Lan and Yu, Jingyi},
	journal = {arXiv preprint arXiv:2304.03117},
	title   = {Dreamface: Progressive generation of animatable 3d faces under text guidance},
	year    = {2023}
}